% This file was created with Citavi 6.1.0.0
%https://de.wikibooks.org/wiki/LaTeX-Kompendium:_Zitieren_mit_BibTeX#Literaturtypen_(Entry_types)

@article{Adamczyk.2013,
 author = {Adamczyk, Amy},
 year = {2013},
 title = {The effect of personal religiosity on attitudes toward abortion, divorce, and gender equality--does cultural context make a difference?},
 pages = {213-254},
 volume = {43},
 number = {1},
 issn = {1021-3058},
 journal = {EurAmerica Journal},
}

@article{Chai.2009,
 author = {Chai, Sun-Ki and Liu, Ming and Kim, Min-Sun},
 year = {2009},
 title = {Cultural comparisons of beliefs and values: Applying the grid-group approach to the World Values Survey},
 pages = {193-208},
 volume = {1},
 number = {2},
 journal = {Beliefs and Values},
 file = {27497f8b-63ab-44ea-9549-4847b8745206:C\:\\Users\\Lukas\\AppData\\Local\\Swiss Academic Software\\Citavi 6\\ProjectCache\\qvfusz0unby504t2viuwuez1ufgwel3xjd5z3nf5rvz791wcs1w\\Citavi Attachments\\27497f8b-63ab-44ea-9549-4847b8745206.pdf:pdf}
}


@incollection{Cialdini.1991,
 author = {Cialdini, Robert B. and Kallgren, Carl A. and Reno, Raymond R.},
 title = {A focus theory of normative conduct: A theoretical refinement and reevaluation of the role of norms in human behavior},
 pages = {201--234},
 volume = {24},
 publisher = {Elsevier},
 isbn = {0065-2601},
 booktitle = {Advances in experimental social psychology},
 year = {1991}
}

@article{Finke.2008,
 author = {Finke, Roger and Adamczyk, Amy},
 year = {2008},
 title = {Cross-national moral beliefs: The influence of national religious context},
 pages = {617--652},
 volume = {49},
 number = {4},
 issn = {0038-0253},
 journal = {The Sociological Quarterly},
 file = {8739090a-ac1c-4e17-9149-76a670f1a248:C\:\\Users\\Lukas\\AppData\\Local\\Swiss Academic Software\\Citavi 6\\ProjectCache\\qvfusz0unby504t2viuwuez1ufgwel3xjd5z3nf5rvz791wcs1w\\Citavi Attachments\\8739090a-ac1c-4e17-9149-76a670f1a248.pdf:pdf}
}


@article{Haerpfer.2020,
 author = {Haerpfer, Christian and Inglehart, Ronald and Moreno, A. and Welzel, Christian and Kizilova, K. and Diez-Medrano, J. and Lagos, M. and Norris, P. and Ponarin, E. and Puranen, B.},
 year = {2020},
 title = {World values survey: round seven--country-pooled datafile},
 journal = {Madrid, Spain {\&} Vienna, Austria: JD Systems Institute {\&} WVSA Secretariat}
}


@book{Hobbes.1968,
 abstract = {728 pages ; 19 cm},
 author = {Hobbes, Thomas},
 year = {1968},
 title = {Leviathan},
 publisher = {{Baltimore : Penguin Books, [1968]}}
}



@article{Jelen.2003,
 author = {Jelen, Ted G. and Wilcox, Clyde},
 year = {2003},
 title = {Causes and consequences of public attitudes toward abortion: A review and research agenda},
 pages = {489--500},
 volume = {56},
 number = {4},
 issn = {1065-9129},
 journal = {Political Research Quarterly}
}

@article{McLuhan.1966,
  title={The Gutenberg Galaxy},
  author={McLuhan, Marshall},
  journal={Toronto: University of Toronto},
  year={1963}
}


@article{Midgley.1991,
 author = {Midgley, Mary},
 year = {1991},
 title = {The Origin of Ethics},
 pages = {3--13},
 volume = {29},
 journal = {A companion to ethics},
 file = {4e10b16c-fe77-41ce-85d4-4583f3031acb:C\:\\Users\\Lukas\\AppData\\Local\\Swiss Academic Software\\Citavi 6\\ProjectCache\\qvfusz0unby504t2viuwuez1ufgwel3xjd5z3nf5rvz791wcs1w\\Citavi Attachments\\4e10b16c-fe77-41ce-85d4-4583f3031acb.pdf:pdf}
}

@article{Oosterbeek.2004,
 author = {Oosterbeek, Hessel and Sloof, Randolph and {van de Kuilen}, Gijs},
 year = {2004},
 title = {Cultural differences in ultimatum game experiments: Evidence from a meta-analysis},
 pages = {171--188},
 volume = {7},
 number = {2},
 issn = {1573-6938},
 journal = {Experimental economics},
 file = {88120c97-359e-42ff-8669-f15e2173609b:C\:\\Users\\Lukas\\AppData\\Local\\Swiss Academic Software\\Citavi 6\\ProjectCache\\qvfusz0unby504t2viuwuez1ufgwel3xjd5z3nf5rvz791wcs1w\\Citavi Attachments\\88120c97-359e-42ff-8669-f15e2173609b.pdf:pdf}
}


@article{Parboteeah.2008,
 author = {Parboteeah, K. Praveen and Hoegl, Martin and Cullen, John B.},
 year = {2008},
 title = {Ethics and religion: An empirical test of a multidimensional model},
 pages = {387--398},
 volume = {80},
 number = {2},
 issn = {1573-0697},
 journal = {Journal of business ethics},
 file = {7884d926-eee4-4ca9-a056-02aa214f6029:C\:\\Users\\Lukas\\AppData\\Local\\Swiss Academic Software\\Citavi 6\\ProjectCache\\qvfusz0unby504t2viuwuez1ufgwel3xjd5z3nf5rvz791wcs1w\\Citavi Attachments\\7884d926-eee4-4ca9-a056-02aa214f6029.pdf:pdf}
}


@article{Pettifor.2012,
 author = {Pettifor, Jean L. and Ferrero, Andrea},
 year = {2012},
 title = {Ethical dilemmas, cultural differences, and the globalization of psychology},
 pages = {28--41},
 journal = {The Oxford handbook of international psychological ethics}
}


@article{Ramadan.2020,
 author = {Ramadan, Ahmed and Kamel, Ahmed and Taha, Alaa and El-Shabrawy, Abdelhamid and Abdel-Fatah, Noura Anwar},
 year = {2020},
 title = {A multivariate data analysis approach for investigating daily statistics of countries affected with COVID-19 pandemic},
 pages = {e05575},
 volume = {6},
 number = {11},
 issn = {2405-8440},
 journal = {Heliyon},
 file = {ce16fdbf-1c96-41db-851a-2fc6fa4bf44c:C\:\\Users\\Lukas\\AppData\\Local\\Swiss Academic Software\\Citavi 6\\ProjectCache\\qvfusz0unby504t2viuwuez1ufgwel3xjd5z3nf5rvz791wcs1w\\Citavi Attachments\\ce16fdbf-1c96-41db-851a-2fc6fa4bf44c.pdf:pdf}
}


@book{Rawls.1971,
 author = {Rawls, John},
 year = {1971},
 title = {A Theory of Justice},
 publisher = {{Harvard university press}},
 isbn = {0674042581}
}

@book{Rousseau.1974,
  title={Le contrat social, ou, Principes du droit politique},
  author={Rousseau, Jean-Jacques},
  year={1839},
  publisher={P. Pourrat}
}

@article{Sahar.2005,
 author = {Sahar, Gail and Karasawa, Kaori},
 year = {2005},
 title = {Is the personal always political? A cross-cultural analysis of abortion attitudes},
 pages = {285--296},
 volume = {27},
 number = {4},
 issn = {0197-3533},
 journal = {Basic and Applied Social Psychology},
 file = {3d2237c8-e04d-406e-8fc5-e0a54d9f5867:C\:\\Users\\Lukas\\AppData\\Local\\Swiss Academic Software\\Citavi 6\\ProjectCache\\qvfusz0unby504t2viuwuez1ufgwel3xjd5z3nf5rvz791wcs1w\\Citavi Attachments\\3d2237c8-e04d-406e-8fc5-e0a54d9f5867.pdf:pdf}
}


@article{Scott.1998,
 author = {Scott, Jacqueline},
 year = {1998},
 title = {Changing attitudes to sexual morality: A cross-national comparison},
 pages = {815--845},
 volume = {32},
 number = {4},
 issn = {0038-0385},
 journal = {Sociology},
 file = {cd350852-1fc3-4074-b8d7-13890d546738:C\:\\Users\\Lukas\\AppData\\Local\\Swiss Academic Software\\Citavi 6\\ProjectCache\\qvfusz0unby504t2viuwuez1ufgwel3xjd5z3nf5rvz791wcs1w\\Citavi Attachments\\cd350852-1fc3-4074-b8d7-13890d546738.pdf:pdf}
}


@article{YuchtmanYaar.2007,
 abstract = {(Yuchtman-Yaar {\&} Alkalay, 2007) have found that economic development tends to be related to more liberal attitudes,},
 author = {Yuchtman-Yaar, Ephraim and Alkalay, Yasmin},
 year = {2007},
 title = {Religious zones, economic development and modern value orientations: Individual versus contextual effects},
 keywords = {noch lesen},
 pages = {789--807},
 volume = {36},
 number = {2},
 issn = {0049-089X},
 journal = {Social Science Research}
}

@misc{ZA7500,
author = {EVS},
title = {European Values Study 2017: Integrated Dataset (EVS 2017)},
year = {2020},
howpublished = {GESIS Datenarchiv, K{\"o}ln. ZA7500 Datenfile Version 4.0.0},
doi = {10.4232/1.13560},
}

@article{luijkx2021european,
  title={The European Values Study 2017: On the way to the future using mixed-modes},
  author={Luijkx, Ruud and J{\'o}nsd{\'o}ttir, Gu{\dh}bj{\"o}rg Andrea and Gummer, Tobias and Ernst St{\"a}hli, Mich{\`e}le and Frederiksen, Morten and Ketola, Kimmo and Reeskens, Tim and Brislinger, Evelyn and Christmann, Pablo and Gunnarsson, Stef{\'a}n {\TH}{\'o}r and others},
  journal={European Sociological Review},
  volume={37},
  number={2},
  pages={330--346},
  year={2021},
  publisher={Oxford University Press}
}

@misc{Gesis,
  author = {GESIS},
  title = {Description Joint EVS/WVS 2017-2021 Dataset},
  year = {2021},
  url = {https://www.gesis.org/en/services/finding-and-accessing-data/european-values-study/joint-evs/wvs-2017-2021-dataset},
  urldate = {2021-04-22}
}

@article{roth1994missing,
  title={Missing data: A conceptual review for applied psychologists},
  author={Roth, Philip L},
  journal={Personnel Psychology},
  volume={47},
  number={3},
  pages={537--560},
  year={1994},
  publisher={Wiley Online Library}
}

@misc{Joint,
  author = {EVS/WVS},
  title = {European Values Study and World Values Survey - Joint EVS/WVS 2017-2021 Dataset},
  year = {2021},
  note = {Version 1.1.0,},
}

@article{kadam2010sample,
  title={The Sampling Issues in Quantitative Research.},
  author={Delice, Ali},
  journal={Educational Sciences: Theory and Practice},
  volume={10},
  number={4},
  pages={2001--2018},
  year={2010},
  publisher={ERIC}
}

@article{bro2014principal,
  title={Principal component analysis},
  author={Bro, Rasmus and Smilde, Age K},
  journal={Analytical methods},
  volume={6},
  number={9},
  pages={2812--2831},
  year={2014},
  publisher={Royal Society of Chemistry}
}

@article{likas2003global,
  title={The global k-means clustering algorithm},
  author={Likas, Aristidis and Vlassis, Nikos and Verbeek, Jakob J},
  journal={Pattern recognition},
  volume={36},
  number={2},
  pages={451--461},
  year={2003},
  publisher={Elsevier}
}

@article{johnson1967hierarchical,
  title={Hierarchical clustering schemes},
  author={Johnson, Stephen C},
  journal={Psychometrika},
  volume={32},
  number={3},
  pages={241--254},
  year={1967},
  publisher={Springer}
}

@Manual{R,
    title = {R: A Language and Environment for Statistical Computing},
    author = {{R Core Team}},
    organization = {R Foundation for Statistical Computing},
    address = {Vienna, Austria},
    year = {2020},
    url = {https://www.R-project.org/},
  }
  
  @Article{tidy,
    title = {Welcome to the {tidyverse}},
    author = {Hadley Wickham and Mara Averick and Jennifer Bryan and Winston Chang and Lucy D'Agostino McGowan and Romain François and Garrett Grolemund and Alex Hayes and Lionel Henry and Jim Hester and Max Kuhn and Thomas Lin Pedersen and Evan Miller and Stephan Milton Bache and Kirill Müller and Jeroen Ooms and David Robinson and Dana Paige Seidel and Vitalie Spinu and Kohske Takahashi and Davis Vaughan and Claus Wilke and Kara Woo and Hiroaki Yutani},
    year = {2019},
    journal = {Journal of Open Source Software},
    volume = {4},
    number = {43},
    pages = {1686},
    doi = {10.21105/joss.01686},
  }
  
  @Manual{factoextra,
    title = {factoextra: Extract and Visualize the Results of Multivariate Data Analyses},
    author = {Alboukadel Kassambara and Fabian Mundt},
    year = {2020},
    note = {R package version 1.0.7},
    url = {https://CRAN.R-project.org/package=factoextra},
  }
  
  @misc{Github,
  author = {Birkenmaier, Lukas},
  title = {Github repository: PCA-and-Clustering-WVS},
  year = {2021},
  publisher = {GitHub},
  journal = {GitHub repository},
  howpublished = {https://github.com/lukasbirki/PCA-and-Clustering-WVS}
}

@article{ferre1995selection,
  title={Selection of components in principal component analysis: a comparison of methods},
  author={Ferr{\'e}, Louis},
  journal={Computational Statistics \& Data Analysis},
  volume={19},
  number={6},
  pages={669--682},
  year={1995},
  publisher={Elsevier}
}

@book{hood2015death,
  title={The death penalty: A worldwide perspective},
  author={Hood, Roger and Hoyle, Carolyn},
  year={2015},
  publisher={OUP Oxford}
}

 @Article{NBclust,
    title = {{NbClust}: An {R} Package for Determining the Relevant Number of Clusters in a Data Set},
    author = {Malika Charrad and Nadia Ghazzali and V{\'e}ronique Boiteau and Azam Niknafs},
    journal = {Journal of Statistical Software},
    year = {2014},
    volume = {61},
    number = {6},
    pages = {1--36},
    url = {http://www.jstatsoft.org/v61/i06/},
  }
  
  @book{anckar2004determinants,
  title={Determinants of the death penalty: a comparative study of the world},
  author={Anckar, Carsten},
  volume={8},
  year={2004},
  publisher={Routledge}
}

@article{miller2008religious,
  title={Religious characteristics and the death penalty},
  author={Miller, Monica K and Hayward, R David},
  journal={Law and Human Behavior},
  volume={32},
  number={2},
  pages={113--123},
  year={2008},
  publisher={Springer}
}